<record><leader>00000cas a2200000 a 4500</leader><controlfield tag="001">23453284</controlfield><controlfield tag="008">910411d19341979caudn ne      0    0eng c</controlfield><datafield ind1=" " ind2=" " tag="010"><subfield code="a">sn 91066480 </subfield></datafield><datafield ind1=" " ind2=" " tag="040"><subfield code="a">NYS</subfield><subfield code="b">eng</subfield><subfield code="c">NYS</subfield><subfield code="d">CNK</subfield><subfield code="d">OCLCQ</subfield><subfield code="d">CNK</subfield><subfield code="d">OCLCQ</subfield><subfield code="d">OCLCF</subfield><subfield code="d">OCLCO</subfield></datafield><datafield ind1="1" ind2=" " tag="029"><subfield code="a">AU@</subfield><subfield code="b">000025908319</subfield></datafield><datafield ind1=" " ind2=" " tag="042"><subfield code="a">pcc</subfield></datafield><datafield ind1=" " ind2=" " tag="043"><subfield code="a">n-us-ca</subfield></datafield><datafield ind1="0" ind2=" " tag="130"><subfield code="a">Redwood City tribune (Redwood City, Calif. : 1934)</subfield></datafield><datafield ind1="1" ind2="0" tag="245"><subfield code="a">Redwood City tribune.</subfield></datafield><datafield ind1=" " ind2=" " tag="260"><subfield code="a">Redwood City, Calif. :</subfield><subfield code="b">Peninsula Newspapers</subfield></datafield><datafield ind1=" " ind2=" " tag="300"><subfield code="a">v.</subfield></datafield><datafield ind1=" " ind2=" " tag="310"><subfield code="a">Daily (except Sun.)</subfield></datafield><datafield ind1="0" ind2=" " tag="362"><subfield code="a">12th year, no. 120 (Sept. 21, 1934)-</subfield></datafield><datafield ind1="1" ind2=" " tag="362"><subfield code="a">Ceased in 1979.</subfield></datafield><datafield ind1=" " ind2=" " tag="525"><subfield code="a">Issues include supplement: Daily Palo Alto times.</subfield></datafield><datafield ind1=" " ind2=" " tag="530"><subfield code="a">Master negatives are available for duplication from:</subfield><subfield code="b">California Newspaper Microfilm Archive;</subfield><subfield code="c">positive copies may be purchased by the reel; for further information consult the CNMA at:</subfield><subfield code="u">http://cbsr.ucr.edu</subfield></datafield><datafield ind1=" " ind2="0" tag="651"><subfield code="a">Redwood City (Calif.)</subfield><subfield code="v">Newspapers.</subfield></datafield><datafield ind1=" " ind2="7" tag="655"><subfield code="a">Newspapers.</subfield><subfield code="2">fast</subfield><subfield code="0">(OCoLC)fst01423814</subfield></datafield><datafield ind1=" " ind2="7" tag="651"><subfield code="a">California</subfield><subfield code="z">Redwood City.</subfield><subfield code="2">fast</subfield><subfield code="0">(OCoLC)fst01215157</subfield></datafield><datafield ind1=" " ind2=" " tag="752"><subfield code="a">United States</subfield><subfield code="b">California</subfield><subfield code="c">San Mateo</subfield><subfield code="d">Redwood City.</subfield></datafield><datafield ind1="0" ind2=" " tag="770"><subfield code="t">Daily Palo Alto times</subfield><subfield code="w">(DLC)sn 85040224</subfield></datafield><datafield ind1="0" ind2=" " tag="775"><subfield code="t">Peninsula beacon</subfield><subfield code="w">(DLC)sn 95061996</subfield></datafield><datafield ind1="0" ind2="0" tag="780"><subfield code="t">Redwood City tribune and Redwood City standard</subfield><subfield code="w">(DLC)sn 93053102</subfield></datafield><datafield ind1="0" ind2="7" tag="785"><subfield code="t">Palo Alto times (Palo Alto, Calif. : 1962)</subfield><subfield code="w">(DLC)sn 93053100</subfield></datafield><datafield ind1="0" ind2="7" tag="785"><subfield code="t">Peninsula times tribune (Palo Alto, Calif. : 1979)</subfield><subfield code="w">(DLC)sn 93051974</subfield></datafield></record>